<?xml version="1.0" encoding="UTF-8"?><collection xmlns="http://www.loc.gov/MARC21/slim"><record><leader>01192ncb a2200337 a 4500</leader><controlfield tag="001">vtls000016489</controlfield><controlfield tag="003">IFAD</controlfield><controlfield tag="005">20190506100400.0</controlfield><controlfield tag="008">190506 2019                  000 0 eng d</controlfield><datafield tag="035" ind1=" " ind2=" "><subfield code="a">IF000016489</subfield></datafield><datafield tag="039" ind1=" " ind2="9"><subfield code="a">201905061004</subfield><subfield code="b">vaids</subfield><subfield code="y">201905061002</subfield><subfield code="z">vaids</subfield></datafield><datafield tag="090" ind1=" " ind2=" "><subfield code="a">S2256 9 N37</subfield></datafield><datafield tag="100" ind1="1" ind2=" "><subfield code="a">Sissoko, M. D. M.</subfield></datafield><datafield tag="245" ind1=" " ind2=" "><subfield code="a">Determinants of cofinancing in IFAD-funded projects:</subfield><subfield code="b">a call to rethink development interventions</subfield></datafield><datafield tag="260" ind1=" " ind2=" "><subfield code="b">IFAD</subfield><subfield code="c">2019</subfield></datafield><datafield tag="300" ind1=" " ind2=" "><subfield code="a">78 pp.</subfield></datafield><datafield tag="490" ind1=" " ind2=" "><subfield code="a">IFAD Research Series</subfield></datafield><datafield tag="650" ind1=" " ind2="7"><subfield code="a">IFAD-FUNDED PROJECTS</subfield><subfield code="2">AGROVOC</subfield></datafield><datafield tag="650" ind1=" " ind2="7"><subfield code="a">COFINANCING</subfield><subfield code="2">AGROVOC</subfield></datafield><datafield tag="650" ind1=" " ind2="7"><subfield code="a">RESOURCE MOBILISATION</subfield><subfield code="2">AGROVOC</subfield></datafield><datafield tag="650" ind1=" " ind2="7"><subfield code="a">RURAL FINANCING</subfield><subfield code="2">AGROVOC</subfield></datafield><datafield tag="650" ind1=" " ind2="7"><subfield code="a">POSITIVE IMPACT</subfield><subfield code="2">AGROVOC</subfield></datafield><datafield tag="650" ind1=" " ind2="7"><subfield code="a">AID</subfield><subfield code="2">AGROVOC</subfield></datafield><datafield tag="700" ind1="1" ind2=" "><subfield code="a">Toschi, N.</subfield></datafield><datafield tag="700" ind1="1" ind2=" "><subfield code="a">Martin, L.</subfield></datafield><datafield tag="773" ind1=" " ind2=" "><subfield code="w">IF000015583</subfield></datafield><datafield tag="852" ind1=" " ind2=" "><subfield code="a">Library</subfield></datafield><datafield tag="856" ind1=" " ind2="8"><subfield code="u">http://library2018.ifad.org:8080/16474.jpg</subfield></datafield><datafield tag="856" ind1=" " ind2=" "><subfield code="u">https://www.ifad.org/documents/38714170/41123268/37_research.pdf/f1b6ce7a-f8a6-a914-9ff0-4ed21c807c91</subfield></datafield><datafield tag="999" ind1=" " ind2=" "><subfield code="a">VIRTUA40</subfield></datafield><datafield tag="999" ind1=" " ind2=" "><subfield code="a">VTLSSORT0010*0030*0080*0350*0390*0900*1000*2450*2600*3000*4900*6500*6501*6502*6503*6504*6505*7000*7001*7730*8520*8560*8561*9992</subfield></datafield></record></collection>